
@article{moon_visualizing_2019,
	title = {Visualizing structure and transitions in high-dimensional biological data},
	volume = {37},
	issn = {1087-0156, 1546-1696},
	url = {http://www.nature.com/articles/s41587-019-0336-3},
	doi = {10.1038/s41587-019-0336-3},
	language = {en},
	number = {12},
	urldate = {2021-05-10},
	journal = {Nature Biotechnology},
	author = {Moon, Kevin R. and van Dijk, David and Wang, Zheng and Gigante, Scott and Burkhardt, Daniel B. and Chen, William S. and Yim, Kristina and Elzen, Antonia van den and Hirn, Matthew J. and Coifman, Ronald R. and Ivanova, Natalia B. and Wolf, Guy and Krishnaswamy, Smita},
	month = dec,
	year = {2019},
	pages = {1482--1492},
	file = {Moon et al. - 2019 - Visualizing structure and transitions in high-dime.PDF:/Users/asingh/Zotero/storage/V8ID7Q7S/Moon et al. - 2019 - Visualizing structure and transitions in high-dime.PDF:application/pdf}
}
